%@online{WEB:GNU:GPL:2010,
%	Author = {{Free Software Foundation, Inc.}},
%	Title = {GNU General Public License},
%	Url = {http://www.gnu.org/licenses/gpl.html},
%	Urldate = {2011-05-27},
%	Year = {2010}}

%@book{Jurgens:2000,
%	Author = {Manuela J{\"u}rgens},
%	Publisher = {FernUniversit{\"a}t Gesamthochschule in Hagen},
%	Title = {LaTeX: eine Einf{\"u}hrung und ein bisschen mehr},
%	Year = {2000}}

%@book{tag,
%	Author= {},
%	Publisher={},
%	Title={},
%	Year={}}
%	

@book{Rao:2018,
	Author= {C. R. Rao, Venkat N. Gudivada},
	Publisher={Elsevier Science},
	Title={Computational Analysis and Understanding of Natural Languages: Principles, Methods and Applications},
	Year={2018}}
	
@book{Jones:1997,
	Author= {Daniel B. Jones, Harold Somers},
	Publisher={UCL Press},
	Title={New Methods in Language Processing},
	Year={1997}}

@book{Sorgaard:2013,
	Author= {Anders S\orgaard},
	Publisher={Morgan & Claypool Publishers},
	Title={Semi-Supervised Learning and Domain Adaptation in Natural Language Processing},
	Year={2013}}
		
	